@article{cspice,
  author  = {Acton, C.H.},
  title   = {{Ancillary Data Services of NASA's Navigation and Ancillary Information Facility}},
  journal = {Planetary and Space Science},
  volume  = {44},
  number  = {1},
  pages   = {65--70},
  year    = {1996},
  doi     = {10.1016/0032-0633(95)00107-7}
}

@article{horizons,
  title   = {Status of the JPL horizons ephemeris system},
  author  = {Giorgini, Jon D},
  journal = {IAU General Assembly},
  volume  = {29},
  pages   = {2256293},
  year    = {2015}
}