@article{cspice,
  author  = {Acton, C.H.},
  title   = {{Ancillary Data Services of NASA's Navigation and Ancillary Information Facility}},
  journal = {Planetary and Space Science},
  volume  = {44},
  number  = {1},
  pages   = {65--70},
  year    = {1996}
}